\@book{Квадригин,
	author = "{\relax Ф} Квадригин",		
	title = "На байдарке",	
	publisher = "М.:~Физкультура и спорт",
	year = 1985,
	language = "russian"
}
}
\@book{Рыжавский,
	author = "{\relax Г.Я} Рыжавский",		
	title = "Бассейн верхней Волги",	
	publisher = "М.:~Физкультура и спорт",
	year = 1981,
	pagestotal = 97,
	language = "russian"
}